<record><leader>00000cas a2200000La 4500</leader><controlfield tag="001">505756001</controlfield><controlfield tag="008">750817d18211835mauwr paa     0   a0eng d</controlfield><controlfield tag="009">6804</controlfield><datafield ind1=" " ind2=" " tag="010"><subfield code="a">mic56004746 </subfield></datafield><datafield ind1=" " ind2=" " tag="040"><subfield code="a">ZCU</subfield><subfield code="c">ZCU</subfield></datafield><datafield ind1="0" ind2=" " tag="130"><subfield code="a">Christian register (Boston, Mass. : 1821)</subfield></datafield><datafield ind1="1" ind2="0" tag="245"><subfield code="a">Christian register</subfield><subfield code="h">[microform].</subfield></datafield><datafield ind1=" " ind2=" " tag="260"><subfield code="a">Boston, Mass. :</subfield><subfield code="b">[s.n.,</subfield><subfield code="c">1821-1835].</subfield></datafield><datafield ind1="0" ind2=" " tag="362"><subfield code="a">Vol. 1, no. 1 (Apr. 20, 1821)-v. 14, no. 46 (June 27, 1835) = -no. 724.</subfield></datafield><datafield ind1=" " ind2=" " tag="515"><subfield code="a">Whole numbering begins with no. 595 (Jan. 5, 1833).</subfield></datafield><datafield ind1=" " ind2=" " tag="533"><subfield code="a">Microfilm.</subfield><subfield code="b">Ann Arbor, Mich. :</subfield><subfield code="c">University Microfilms.</subfield><subfield code="e">film reels ; 35 mm.</subfield></datafield><datafield ind1=" " ind2=" " tag="580"><subfield code="a">Merged with: Boston observer and religious intelligencer; to form: Christian register and Boston observer.</subfield></datafield><datafield ind1=" " ind2="0" tag="650"><subfield code="a">Unitarianism</subfield><subfield code="v">Periodicals.</subfield></datafield><datafield ind1="0" ind2="5" tag="780"><subfield code="t">Unitarian (Cambridge, Mass.)</subfield><subfield code="g">Jan. 1835</subfield></datafield><datafield ind1="1" ind2="7" tag="785"><subfield code="t">Boston observer and religious intelligencer</subfield></datafield><datafield ind1="1" ind2="7" tag="785"><subfield code="t">Christian register and Boston observer</subfield><subfield code="g">July 1835</subfield></datafield></record>